%---------------------------------------------------------------------------%
%-                                                                         -%
%-                             Bibliography                                -%
%-                                                                         -%
%---------------------------------------------------------------------------%
@article{an2015discrete,
  title={Discrete BDNF neurons in the paraventricular hypothalamus control feeding and energy expenditure},
  author={An, Juan Ji and Liao, Guey-Ying and Kinney, Clint E and Sahibzada, Niaz and Xu, Baoji},
  journal={Cell metabolism},
  volume={22},
  number={1},
  pages={175--188},
  year={2015},
  publisher={Elsevier}
}

@article{altieri2004expression,
  title={Expression analysis of brain-derived neurotrophic factor (BDNF) mRNA isoforms after chronic and acute antidepressant treatment},
  author={Altieri, Mario and Marini, Francesca and Arban, Roberto and Vitulli, Giovanni and Jansson, Birger O},
  journal={Brain research},
  volume={1000},
  number={1-2},
  pages={148--155},
  year={2004},
  publisher={Elsevier}
}

@article{cai2014central,
  title={Central amygdala PKC-$\delta$+ neurons mediate the influence of multiple anorexigenic signals},
  author={Cai, Haijiang and Haubensak, Wulf and Anthony, Todd E and Anderson, David J},
  journal={Nature neuroscience},
  volume={17},
  number={9},
  pages={1240},
  year={2014},
  publisher={Nature Publishing Group}
}

@article{chometton2017rostromedial,
  title={The rostromedial zona incerta is involved in attentional processes while adjacent LHA responds to arousal: c-Fos and anatomical evidence},
  author={Chometton, Sandrine and Charri{\`e}re, K and Bayer, L and Houdayer, C and Franchi, G and Poncet, F and Fellmann, Dominique and Risold, Pierre-Yves},
  journal={Brain Structure and Function},
  volume={222},
  number={6},
  pages={2507--2525},
  year={2017},
  publisher={Springer}
}

@article{conte2009multiple,
  title={Multiple neuroanatomical tract-tracing using fluorescent Alexa Fluor conjugates of cholera toxin subunit B in rats},
  author={Conte, William L and Kamishina, Hiroaki and Reep, Roger L},
  journal={Nature protocols},
  volume={4},
  number={8},
  pages={1157},
  year={2009},
  publisher={Nature Publishing Group}
}

@article{daigle2018suite,
  title={A suite of transgenic driver and reporter mouse lines with enhanced brain-cell-type targeting and functionality},
  author={Daigle, Tanya L and Madisen, Linda and Hage, Travis A and Valley, Matthew T and Knoblich, Ulf and Larsen, Rylan S and Takeno, Marc M and Huang, Lawrence and Gu, Hong and Larsen, Rachael and others},
  journal={Cell},
  volume={174},
  number={2},
  pages={465--480},
  year={2018},
  publisher={Elsevier}
}

@article{doudna2014new,
  title={The new frontier of genome engineering with CRISPR-Cas9},
  author={Doudna, Jennifer A and Charpentier, Emmanuelle},
  journal={Science},
  volume={346},
  number={6213},
  pages={1258096},
  year={2014},
  publisher={American Association for the Advancement of Science}
}

@article{douglass2017central,
  title={Central amygdala circuits modulate food consumption through a positive-valence mechanism},
  author={Douglass, Amelia M and Kucukdereli, Hakan and Ponserre, Marion and Markovic, Milica and Gr{\"u}ndemann, Jan and Strobel, Cornelia and Morales, Pilar L Alcala and Conzelmann, Karl-Klaus and L{\"u}thi, Andreas and Klein, R{\"u}diger},
  journal={Nature neuroscience},
  volume={20},
  number={10},
  pages={1384},
  year={2017},
  publisher={Nature Publishing Group}
}

@article{godar2011reduction,
  title={Reduction of high-fat diet-induced obesity after chronic administration of brain-derived neurotrophic factor in the hypothalamic ventromedial nucleus},
  author={Godar, Rebecca and Dai, Yuqiao and Bainter, Heather and Billington, Charles and Kotz, Catherine M and Wang, ChuanFeng},
  journal={Neuroscience},
  volume={194},
  pages={36--52},
  year={2011},
  publisher={Elsevier}
}

@article{gray2006hyperphagia,
  title={Hyperphagia, severe obesity, impaired cognitive function, and hyperactivity associated with functional loss of one copy of the brain-derived neurotrophic factor (BDNF) gene},
  author={Gray, Juliette and Yeo, Giles SH and Cox, James J and Morton, Jenny and Adlam, Anna-Lynne R and Keogh, Julia M and Yanovski, Jack A and El Gharbawy, Areeg and Han, Joan C and Tung, YC Loraine and others},
  journal={Diabetes},
  volume={55},
  number={12},
  pages={3366--3371},
  year={2006},
  publisher={Am Diabetes Assoc}
}

@article{huang1974differential,
  title={Differential effects of incertal and hypothalamic lesions on food and water intake.},
  author={Huang, YH and Mogenson, GJ},
  journal={Experimental neurology},
  year={1974},
  publisher={Elsevier Science}
}

@article{jiang2018local,
  title={Local corticotropin-releasing factor signaling in the hypothalamic paraventricular nucleus},
  author={Jiang, Zhiying and Rajamanickam, Shivakumar and Justice, Nicholas J},
  journal={Journal of Neuroscience},
  volume={38},
  number={8},
  pages={1874--1890},
  year={2018},
  publisher={Soc Neuroscience}
}

@article{kishi2005body,
  title={Body weight is regulated by the brain: a link between feeding and emotion},
  author={Kishi, T and Elmquist, JK},
  journal={Molecular psychiatry},
  volume={10},
  number={2},
  pages={132},
  year={2005},
  publisher={Nature Publishing Group}
}

@article{krashes2016melanocortin,
  title={Melanocortin-4 receptor--regulated energy homeostasis},
  author={Krashes, Michael J and Lowell, Bradford B and Garfield, Alastair S},
  journal={Nature neuroscience},
  volume={19},
  number={2},
  pages={206},
  year={2016},
  publisher={Nature Publishing Group}
}

@article{liao2012dendritically,
  title={Dendritically targeted Bdnf mRNA is essential for energy balance and response to leptin},
  author={Liao, Guey-Ying and An, Juan Ji and Gharami, Kusumika and Waterhouse, Emily G and Vanevski, Filip and Jones, Kevin R and Xu, Baoji},
  journal={Nature medicine},
  volume={18},
  number={4},
  pages={564},
  year={2012},
  publisher={Nature Publishing Group}
}

@article{liu2017lhx6,
  title={Lhx6-positive GABA-releasing neurons of the zona incerta promote sleep},
  author={Liu, Kai and Kim, Juhyun and Kim, Dong Won and Zhang, Yi Stephanie and Bao, Hechen and Denaxa, Myrto and Lim, Szu-Aun and Kim, Eileen and Liu, Chang and Wickersham, Ian R and others},
  journal={Nature},
  volume={548},
  number={7669},
  pages={582},
  year={2017},
  publisher={Nature Publishing Group}
}

@article{majeed1986stimulation,
  title={Stimulation of food intake following opioid microinjection into the nucleus accumbens septi in rats},
  author={Majeed, Nather H and Przewklocka, Barbara and WÈ©dzony, Krzysztof and Przewklocki, Ryszard},
  journal={Peptides},
  volume={7},
  number={5},
  pages={711--716},
  year={1986},
  publisher={Elsevier}
}

@article{maynard2016functional,
  title={Functional role of BDNF production from unique promoters in aggression and serotonin signaling},
  author={Maynard, Kristen R and Hill, Julia L and Calcaterra, Nicholas E and Palko, Mary E and Kardian, Alisha and Paredes, Daniel and Sukumar, Mahima and Adler, Benjamin D and Jimenez, Dennisse V and Schloesser, Robert J and others},
  journal={Neuropsychopharmacology},
  volume={41},
  number={8},
  pages={1943},
  year={2016},
  publisher={Nature Publishing Group}
}

@article{menard1996lateral,
  title={Lateral and medial septal lesions reduce anxiety in the plus-maze and probe-burying tests},
  author={Menard, Janet and Treit, Dallas},
  journal={Physiology \& behavior},
  volume={60},
  number={3},
  pages={845--853},
  year={1996},
  publisher={Elsevier}
}

@article{milner1988electrical,
  title={Electrical and chemical activation of the mesencephalic and subthalamic locomotor regions in freely moving rats},
  author={Milner, Kelly L and Mogenson, Gordon J},
  journal={Brain research},
  volume={452},
  number={1-2},
  pages={273--285},
  year={1988},
  publisher={Elsevier}
}

@article{mizuno2014simple,
  title={Simple generation of albino C57BL/6J mice with G291T mutation in the tyrosinase gene by the CRISPR/Cas9 system},
  author={Mizuno, Seiya and Dinh, Tra Thi Huong and Kato, Kanako and Mizuno-Iijima, Saori and Tanimoto, Yoko and Daitoku, Yoko and Hoshino, Yoshikazu and Ikawa, Masahito and Takahashi, Satoru and Sugiyama, Fumihiro and others},
  journal={Mammalian genome},
  volume={25},
  number={7-8},
  pages={327--334},
  year={2014},
  publisher={Springer}
}

@article{mou2015human,
  title={Human obesity associated with an intronic SNP in the brain-derived neurotrophic factor locus},
  author={Mou, Zongyang and Hyde, Thomas M and Lipska, Barbara K and Martinowich, Keri and Wei, Peter and Ong, Chiew-Jen and Hunter, Lindsay A and Palaguachi, Gladys I and Morgun, Eva and Teng, Rujia and others},
  journal={Cell reports},
  volume={13},
  number={6},
  pages={1073--1080},
  year={2015},
  publisher={Elsevier}
}

@article{murer1993circling,
  title={Circling behaviour induced by activation of GABAA receptors in the subthalamic nucleus.},
  author={Murer, M Gustavo and Pazo, Jorge H},
  journal={Neuroreport},
  volume={4},
  number={11},
  pages={1219--1222},
  year={1993}
}

@article{perier2002behavioral,
  title={Behavioral consequences of bicuculline injection in the subthalamic nucleus and the zona incerta in rat},
  author={P{\'e}rier, C{\'e}line and Tremblay, L{\'e}on and F{\'e}ger, Jean and Hirsch, Etienne C},
  journal={Journal of Neuroscience},
  volume={22},
  number={19},
  pages={8711--8719},
  year={2002},
  publisher={Soc Neuroscience}
}

@article{power2001evidence,
  title={Evidence for a visual subsector within the zona incerta},
  author={Power, Brian D and LEAMEY, CATHERINE A and MITROFANIS, JOHN},
  journal={Visual neuroscience},
  volume={18},
  number={2},
  pages={179--186},
  year={2001},
  publisher={Cambridge University Press}
}

@article{ran2013genome,
  title={Genome engineering using the CRISPR-Cas9 system},
  author={Ran, F Ann and Hsu, Patrick D and Wright, Jason and Agarwala, Vineeta and Scott, David A and Zhang, Feng},
  journal={Nature protocols},
  volume={8},
  number={11},
  pages={2281},
  year={2013},
  publisher={Nature Publishing Group}
}

@article{roger1985afferents,
  title={Afferents to the zona incerta in the rat: a combined retrograde and anterograde study},
  author={Roger, Michel and Cadusseau, Josette},
  journal={Journal of Comparative Neurology},
  volume={241},
  number={4},
  pages={480--492},
  year={1985},
  publisher={Wiley Online Library}
}

@article{sakata2009critical,
  title={Critical role of promoter IV-driven BDNF transcription in GABAergic transmission and synaptic plasticity in the prefrontal cortex},
  author={Sakata, Kazuko and Woo, Newton H and Martinowich, Keri and Greene, Joshua S and Schloesser, Robert J and Shen, Liya and Lu, Bai},
  journal={Proceedings of the National Academy of Sciences},
  volume={106},
  number={14},
  pages={5942--5947},
  year={2009},
  publisher={National Acad Sciences}
}

@article{scopinho2008alpha1,
  title={$\alpha$1-Adrenoceptors in the lateral septal area modulate food intake behaviour in rats},
  author={Scopinho, AA and Resstel, LBM and Corr{\^e}a, FMA},
  journal={British journal of pharmacology},
  volume={155},
  number={5},
  pages={752--756},
  year={2008},
  publisher={Wiley Online Library}
}

@article{morrison2011central,
  title={Central neural pathways for thermoregulation},
  author={Morrison, Shaun F and Nakamura, Kazuhiro},
  journal={Frontiers in bioscience: a journal and virtual library},
  volume={16},
  pages={74},
  year={2011},
  publisher={NIH Public Access}
}

@article{speliotes2010association,
  title={Association analyses of 249,796 individuals reveal 18 new loci associated with body mass index},
  author={Speliotes, Elizabeth K and Willer, Cristen J and Berndt, Sonja I and Monda, Keri L and Thorleifsson, Gudmar and Jackson, Anne U and Allen, Hana Lango and Lindgren, Cecilia M and Luan, Jian'an and M{\"a}gi, Reedik and others},
  journal={Nature genetics},
  volume={42},
  number={11},
  pages={937},
  year={2010},
  publisher={Nature Publishing Group}
}

@article{stanley2013profiling,
  title={Profiling of glucose-sensing neurons reveals that GHRH neurons are activated by hypoglycemia},
  author={Stanley, Sarah and Domingos, Ana I and Kelly, Leah and Garfield, Alastair and Damanpour, Shadi and Heisler, Lora and Friedman, Jeffrey},
  journal={Cell metabolism},
  volume={18},
  number={4},
  pages={596--607},
  year={2013},
  publisher={Elsevier}
}

@article{supko1991activation,
  title={Activation of AMPA/kainic acid glutamate receptors in the zona incerta stimulates locomotor activity},
  author={Supko, Donna E and Uretsky, Norman J and Wallace, Lane J},
  journal={Brain research},
  volume={564},
  number={1},
  pages={159--163},
  year={1991},
  publisher={Elsevier}
}

@article{tait2017effects,
  title={Effects of lesions of the subthalamic nucleus/zona incerta area and dorsomedial striatum on attentional set-shifting in the rat},
  author={Tait, David S and Phillips, Janice M and Blackwell, Andrew D and Brown, Verity J},
  journal={Neuroscience},
  volume={345},
  pages={287--296},
  year={2017},
  publisher={Elsevier}
}

@article{tan2016warm,
  title={Warm-sensitive neurons that control body temperature},
  author={Tan, Chan Lek and Cooke, Elizabeth K and Leib, David E and Lin, Yen-Chu and Daly, Gwendolyn E and Zimmerman, Christopher A and Knight, Zachary A},
  journal={Cell},
  volume={167},
  number={1},
  pages={47--59},
  year={2016},
  publisher={Elsevier}
}

@article{tan2018regulation,
  title={Regulation of body temperature by the nervous system},
  author={Tan, Chan Lek and Knight, Zachary A},
  journal={Neuron},
  volume={98},
  number={1},
  pages={31--48},
  year={2018},
  publisher={Elsevier}
}

@article{tervo2016designer,
  title={A designer AAV variant permits efficient retrograde access to projection neurons},
  author={Tervo, D Gowanlock R and Hwang, Bum-Yeol and Viswanathan, Sarada and Gaj, Thomas and Lavzin, Maria and Ritola, Kimberly D and Lindo, Sarah and Michael, Susan and Kuleshova, Elena and Ojala, David and others},
  journal={Neuron},
  volume={92},
  number={2},
  pages={372--382},
  year={2016},
  publisher={Elsevier}
}

@article{thorleifsson2009genome,
  title={Genome-wide association yields new sequence variants at seven loci that associate with measures of obesity},
  author={Thorleifsson, Gudmar and Walters, G Bragi and Gudbjartsson, Daniel F and Steinthorsdottir, Valgerdur and Sulem, Patrick and Helgadottir, Anna and Styrkarsdottir, Unnur and Gretarsdottir, Solveig and Thorlacius, Steinunn and Jonsdottir, Ingileif and others},
  journal={Nature genetics},
  volume={41},
  number={1},
  pages={18},
  year={2009},
  publisher={Nature Publishing Group}
}

@article{timmusk1993multiple,
  title={Multiple promoters direct tissue-specific expression of the rat BDNF gene},
  author={Timmusk, T{\~o}nis and Palm, Kaia and Metsis, Madis and Reintam, T{\~o}nu and Paalme, Viiu and Saarma, Mart and Persson, H{\aa}kan},
  journal={Neuron},
  volume={10},
  number={3},
  pages={475--489},
  year={1993},
  publisher={Elsevier}
}

@article{unger2007selective,
  title={Selective deletion of Bdnf in the ventromedial and dorsomedial hypothalamus of adult mice results in hyperphagic behavior and obesity},
  author={Unger, Thaddeus J and Calderon, German A and Bradley, Leila C and Sena-Esteves, Miguel and Rios, Maribel},
  journal={Journal of Neuroscience},
  volume={27},
  number={52},
  pages={14265--14274},
  year={2007},
  publisher={Soc Neuroscience}
}

@article{vong2011leptin,
  title={Leptin action on GABAergic neurons prevents obesity and reduces inhibitory tone to POMC neurons},
  author={Vong, Linh and Ye, Chianping and Yang, Zongfang and Choi, Brian and Chua Jr, Streamson and Lowell, Bradford B},
  journal={Neuron},
  volume={71},
  number={1},
  pages={142--154},
  year={2011},
  publisher={Elsevier}
}

@article{walsh1977some,
  title={Some biochemical effects of zona incerta lesions that interfere with the regulation of water intake},
  author={Walsh, LL and Halaris, AE and Grossman, L and Grossman, SP},
  journal={Pharmacology Biochemistry and Behavior},
  volume={7},
  number={4},
  pages={351--356},
  year={1977},
  publisher={Elsevier}
}

@article{wang2007brain,
  title={Brain-derived neurotrophic factor in the hypothalamic paraventricular nucleus reduces energy intake},
  author={Wang, ChuanFeng and Bomberg, Eric and Billington, Charles and Levine, Allen and Kotz, Catherine M},
  journal={American Journal of Physiology-Regulatory, Integrative and Comparative Physiology},
  volume={293},
  number={3},
  pages={R1003--R1012},
  year={2007},
  publisher={American Physiological Society}
}

@article{wang2010brain,
  title={Brain-derived neurotrophic factor (BDNF) in the hypothalamic ventromedial nucleus increases energy expenditure},
  author={Wang, ChuanFeng and Bomberg, Eric and Billington, Charles J and Levine, Allen S and Kotz, Catherine M},
  journal={Brain research},
  volume={1336},
  pages={66--77},
  year={2010},
  publisher={Elsevier}
}

@article{wang2015whole,
  title={Whole-brain mapping of the direct inputs and axonal projections of POMC and AgRP neurons},
  author={Wang, Daqing and He, Xiaobing and Zhao, Zhe and Feng, Qiru and Lin, Rui and Sun, Yue and Ding, Ting and Xu, Fuqiang and Luo, Minmin and Zhan, Cheng},
  journal={Frontiers in neuroanatomy},
  volume={9},
  pages={40},
  year={2015},
  publisher={Frontiers}
}

@article{waterson2015neuronal,
  title={Neuronal regulation of energy homeostasis: beyond the hypothalamus and feeding},
  author={Waterson, Michael J and Horvath, Tamas L},
  journal={Cell metabolism},
  volume={22},
  number={6},
  pages={962--970},
  year={2015},
  publisher={Elsevier}
}

@article{wen2012meta,
  title={Meta-analysis identifies common variants associated with body mass index in east Asians},
  author={Wen, Wanqing and Cho, Yoon-Shin and Zheng, Wei and Dorajoo, Rajkumar and Kato, Norihiro and Qi, Lu and Chen, Chien-Hsiun and Delahanty, Ryan J and Okada, Yukinori and Tabara, Yasuharu and others},
  journal={Nature genetics},
  volume={44},
  number={3},
  pages={307},
  year={2012},
  publisher={Nature Publishing Group}
}

@article{wickersham2007monosynaptic,
  title={Monosynaptic restriction of transsynaptic tracing from single, genetically targeted neurons},
  author={Wickersham, Ian R and Lyon, David C and Barnard, Richard JO and Mori, Takuma and Finke, Stefan and Conzelmann, Karl-Klaus and Young, John AT and Callaway, Edward M},
  journal={Neuron},
  volume={53},
  number={5},
  pages={639--647},
  year={2007},
  publisher={Elsevier}
}

@article{xu2003brain,
  title={Brain-derived neurotrophic factor regulates energy balance downstream of melanocortin-4 receptor},
  author={Xu, Baoji and Goulding, Evan H and Zang, Keling and Cepoi, David and Cone, Roger D and Jones, Kevin R and Tecott, Laurence H and Reichardt, Louis F},
  journal={Nature neuroscience},
  volume={6},
  number={7},
  pages={736},
  year={2003},
  publisher={Nature Publishing Group}
}

@article{xu2016neurotrophic,
  title={Neurotrophic factor control of satiety and body weight},
  author={Xu, Baoji and Xie, Xiangyang},
  journal={Nature Reviews Neuroscience},
  volume={17},
  number={5},
  pages={282},
  year={2016},
  publisher={Nature Publishing Group}
}

@article{yadin1993role,
  title={The role of the lateral septum in anxiolysis},
  author={Yadin, Elna and Thomas, Earl and Grishkat, Holly L and Strickland, Craig E},
  journal={Physiology \& behavior},
  volume={53},
  number={6},
  pages={1077--1083},
  year={1993},
  publisher={Elsevier}
}

@article{yeo2004novo,
  title={A de novo mutation affecting human TrkB associated with severe obesity and developmental delay},
  author={Yeo, Giles SH and Hung, Chiao-Chien Connie and Rochford, Justin and Keogh, Julia and Gray, Juliette and Sivaramakrishnan, Shoba and O'Rahilly, Stephen and Farooqi, I Sadaf},
  journal={Nature neuroscience},
  volume={7},
  number={11},
  pages={1187},
  year={2004},
  publisher={Nature Publishing Group}
}

@article{yu2016glutamatergic,
  title={Glutamatergic preoptic area neurons that express leptin receptors drive temperature-dependent body weight homeostasis},
  author={Yu, Sangho and Qualls-Creekmore, Emily and Rezai-Zadeh, Kavon and Jiang, Yanyan and Berthoud, Hans-Rudolf and Morrison, Christopher D and Derbenev, Andrei V and Zsombok, Andrea and M{\"u}nzberg, Heike},
  journal={Journal of Neuroscience},
  volume={36},
  number={18},
  pages={5034--5046},
  year={2016},
  publisher={Soc Neuroscience}
}

@article{zhang2011amygdala,
  title={Amygdala, an important regulator for food intake},
  author={Zhang, Qian and Li, Houkai and Guo, Feifan},
  journal={Frontiers in Biology},
  volume={6},
  number={1},
  pages={82--85},
  year={2011},
  publisher={Springer}
}

@article{zhang2017rapid,
  title={Rapid binge-like eating and body weight gain driven by zona incerta GABA neuron activation},
  author={Zhang, Xiaobing and van den Pol, Anthony N},
  journal={Science},
  volume={356},
  number={6340},
  pages={853--859},
  year={2017},
  publisher={American Association for the Advancement of Science}
}

@article{zhang2017whole,
  title={Whole-brain mapping of the inputs and outputs of the medial part of the olfactory tubercle},
  author={Zhang, Zhijian and Zhang, Hongruo and Wen, Pengjie and Zhu, Xutao and Wang, Li and Liu, Qing and Wang, Jie and He, Xiaobin and Wang, Huadong and Xu, Fuqiang},
  journal={Frontiers in neural circuits},
  volume={11},
  pages={52},
  year={2017},
  publisher={Frontiers}
}

@article{zhao2017hypothalamic,
  title={A hypothalamic circuit that controls body temperature},
  author={Zhao, Zheng-Dong and Yang, Wen Z and Gao, Cuicui and Fu, Xin and Zhang, Wen and Zhou, Qian and Chen, Wanpeng and Ni, Xinyan and Lin, Jun-Kai and Yang, Juan and others},
  journal={Proceedings of the National Academy of Sciences},
  volume={114},
  number={8},
  pages={2042--2047},
  year={2017},
  publisher={National Acad Sciences}
}
%---------------------------------------------------------------------------%
